<?xml version="1.0" encoding="UTF-8"?><collection xmlns="http://www.loc.gov/MARC21/slim"><record><leader>00337nam--2200133-i-4500</leader><controlfield tag="001">000037994</controlfield><controlfield tag="002">20161230</controlfield><controlfield tag="005">20161230201041</controlfield><controlfield tag="008">060222s1000------------r-----000-0-eng-d</controlfield><datafield ind1=" " ind2=" " tag="080"><subfield code="a">681.142.33</subfield></datafield><datafield ind1=" " ind2=" " tag="100"><subfield code="a">Raitin,T.M</subfield></datafield><datafield ind1=" " ind2=" " tag="245"><subfield code="a">Dispozitive de calcul analogic in automatica</subfield></datafield><datafield ind1=" " ind2=" " tag="260"><subfield code="a">Bucuresti, Ed.Tehnica, K1967. 83 P</subfield></datafield><datafield ind1=" " ind2=" " tag="852"><subfield code="a">25625</subfield></datafield></record></collection>